[gd_scene load_steps=12 format=2]

[ext_resource path="res://scenes/plants/Selectible.gd" type="Script" id=1]
[ext_resource path="res://scenes/support/shake.gd" type="Script" id=2]
[ext_resource path="res://scenes/plants/Plants.gd" type="Script" id=3]
[ext_resource path="res://assets/ui/HPbar.jpg" type="Texture" id=4]
[ext_resource path="res://assets/Plants/Lettuce.png" type="Texture" id=5]
[ext_resource path="res://assets/icons/sickle.png" type="Texture" id=6]
[ext_resource path="res://scenes/plants/Lettuce/statsLettuce.tres" type="Resource" id=7]
[ext_resource path="res://assets/Plants/Lettuce_Baby.png" type="Texture" id=8]

[sub_resource type="CircleShape2D" id=1]
radius = 250.0

[sub_resource type="Animation" id=2]
resource_name = "Fire"
length = 0.15
step = 0.5

[sub_resource type="RectangleShape2D" id=3]
extents = Vector2( 39.75, 46 )

[node name="Lettuce" type="Node2D"]
scale = Vector2( 2, 2 )
script = ExtResource( 3 )
species = ExtResource( 7 )

[node name="HealthBar" type="TextureProgress" parent="."]
visible = false
margin_left = 0.5
margin_top = -39.5
margin_right = 64.5
margin_bottom = -33.5
value = 50.0
texture_under = ExtResource( 4 )
texture_progress = ExtResource( 4 )
tint_under = Color( 0.207843, 0.207843, 0.207843, 1 )
tint_progress = Color( 0, 0.745098, 0, 1 )
nine_patch_stretch = true

[node name="BabyFace" type="Sprite" parent="."]
position = Vector2( 28.3281, 14.2925 )
scale = Vector2( 0.410156, 0.433592 )
texture = ExtResource( 8 )
offset = Vector2( 12, 0 )
script = ExtResource( 2 )
animationSpeed = 0.1
scaleLowerLimit = 0.8
scaleUpperLimit = 1.0
randomFactorLowerBound = 0.5
randomFactorUpperBound = 1.0

[node name="AdultFace" type="Sprite" parent="."]
visible = false
position = Vector2( 23.6976, 7.625 )
scale = Vector2( 0.661729, 0.699541 )
texture = ExtResource( 5 )
offset = Vector2( 12, 0 )
script = ExtResource( 2 )
animationSpeed = 0.3
scaleLowerLimit = 0.8
scaleUpperLimit = 1.0
randomFactorLowerBound = 0.5
randomFactorUpperBound = 1.0

[node name="Range" type="Area2D" parent="."]
position = Vector2( 32, 32 )
collision_layer = 8
collision_mask = 2

[node name="CollisionShape2D" type="CollisionShape2D" parent="Range"]
shape = SubResource( 1 )

[node name="AnimationPlayer" type="AnimationPlayer" parent="."]
anims/Fire = SubResource( 2 )

[node name="Selectible" type="Area2D" parent="."]
script = ExtResource( 1 )

[node name="CollisionShape2D" type="CollisionShape2D" parent="Selectible"]
position = Vector2( 33.75, 15 )
shape = SubResource( 3 )

[node name="Sickle" type="Sprite" parent="."]
visible = false
position = Vector2( 33, 30 )
scale = Vector2( 0.08, 0.08 )
texture = ExtResource( 6 )

[connection signal="body_entered" from="Range" to="." method="_on_Range_body_entered"]
[connection signal="body_exited" from="Range" to="." method="_on_Range_body_exited"]
[connection signal="mouse_entered" from="Selectible" to="Selectible" method="_on_Selectible_mouse_entered"]
